@book{edenhofer15,
  title={Climate change 2014: mitigation of climate change},
  author={Edenhofer, Ottmar},
  volume={3},
  year={2015},
  publisher={Cambridge University Press}
}

@report{energimyndigheten15,
  title={Hållbara biodrivmedel och flytande biobränslen under 2014},
  author={Energimyndigheten},
  edition={30},
  month = jul,
  year = 2015,
}

@article{simionescu17,
  title={The impact of biofuels utilisation in transport on the sustainable development in the European Union},
  author={Simionescu, Mihaela and Albu, Lucian-Liviu and Raileanu Szeles, Monica and Bilan, Yuriy},
  journal={Technological and economic development of economy},
  volume={23},
  number={4},
  pages={667--686},
  year={2017},
  publisher={Taylor \& Francis}
}

@book{smil15,
  title={Power Density: A Key to Understanding Energy Sources and Uses},


  author={Smil, V.},
  isbn={9780262326933},
  series={The MIT Press},
  url={https://books.google.se/books?id=ZSg6CQAAQBAJ},
  year={2015},
  publisher={MIT Press}
}

@article{gudmundsson96,
  title={Sustainable development principles and their implications for transport},
  author={Gudmundsson, Henrik and H{\"o}jer, Mattias},
  journal={Ecological economics},
  volume={19},
  number={3},
  pages={269--282},
  year={1996},
  publisher={Elsevier}
}

@article{omalley21,
  title={Air quality impacts of biodiesel in the United States},
  author={O’Malley, Jane and Searle, Stephanie},
  year={2021}
}

@thesis{persson18,
  title={Lithium-ion Batteries in Electric Vehicles: Sustainable to what extent?},
  author={Persson, Anton and {\"O}man, Daniel},
  year={2018},
  institution={KTH Royal Institute of Technology},
  location={Stockholm, Sweden},
}

@article{gielen19,
  title={Global energy transformation: a roadmap to 2050},
  author={Gielen, Dolf and Gorini, Ricardo and Wagner, Nicholas and Leme, Rodrigo and Gutierrez, Laura and Prakash, Gayathri and Asmelash, Elisa and Janeiro, Luis and Gallina, Giacomo and Vale, Guilia and others},
  month=apr,
  year={2019},
  publisher={Hydrogen Knowledge Centre},
  isbn={9789292601218},
}

@online{energyindenmark2018,
  title={Energy in Denmark 2018},
  author={Danish Energy Agency},
  url={https://ens.dk/sites/ens.dk/files/Statistik/energyindenmark2018.pdf},
  urldate={2021-04-22},
  month=mar,
  year={2018},
}

@article{xu19,
  title={The environmental consequences of fossil fuels in China: National and regional perspectives},
  author={Xu, Bingjie and Zhong, Ruoyu and Hochman, Gal and Dong, Kangyin},
  journal={Sustainable Development},
  volume={27},
  number={5},
  pages={826--837},
  year={2019},
  publisher={Wiley Online Library}
}